
@Misc{MatriculaTempoReal,
  key = {Matr√≠cula em Tempo Real - PUC-Rio},
  note = {Dispon\'{i}vel em: \url{http://www.puc-rio.br/sobrepuc/depto/dar/matriculatemporeal.html}; Acessado em 10 de jun. de 2014.}
}

@Misc{HTTP11,
  key = {Http 1.1},
  note = {Dispon\'{i}vel em: \url{http://www.w3.org/Protocols/rfc2616/rfc2616.html}; Acessado em 10 de jun. de 2014.}
}

@Misc{OverAPI,
  key = {OverAPI},
  note = {Dispon\'{i}vel em: \url{http://overapi.com/}; Acessado em 10 de jun. de 2014.}
}

@Misc{Kuler,
  key = {Kuler},
  note = {Dispon\'{i}vel em: \url{https://kuler.adobe.com/}; Acessado em 10 de jun. de 2014.}
}

@Misc{PostgreSQL,
  key = {PostgreSQL},
  note = {Dispon\'{i}vel em: \url{http://www.postgresql.org/}; Acessado em 10 de jun. de 2014.}
}

@Misc{PHP,
  key = {PHP},
  note = {Dispon\'{i}vel em: \url{http://www.php.net/}; Acessado em 10 de jun. de 2014.}
}

@Misc{Apache,
  key = {Apache HTTP Server},
  note = {Dispon\'{i}vel em: \url{http://httpd.apache.org/}; Acessado em 10 de jun. de 2014.}
}

@Misc{CanIUse,
  key = {Can I Use},
  note = {Dispon\'{i}vel em: \url{http://caniuse.com/}; Acessado em 10 de jun.}
}

@Misc{RestFW,
  key = {Very Simple PHP Rest Framework},
  note = {Dispon\'{i}vel em: \url{https://github.com/juliords/phprestframework}; Acessado em 10 de jun. de 2014.}
}

@Misc{Closure,
  key = {Closure},
  note = {Dispon\'{i}vel em: \url{https://developers.google.com/closure/}; Acessado em 10 de jun. de 2014.}
}

@Misc{Jade,
  key = {Jade},
  note = {Dispon\'{i}vel em: \url{http://jade-lang.com/}; Acessado em 10 de jun. de 2014.}
}

@Misc{Less,
  key = {Less},
  note = {Dispon\'{i}vel em: \url{http://lesscss.org/}; Acessado em 10 de jun. de 2014.}
}

@Misc{Bootstrap,
  key = {Bootstrap},
  note = {Dispon\'{i}vel em: \url{http://twitter.bootstrap.com/}; Acessado em 10 de jun. de 2014.}
}

@Misc{Backbone,
  key = {Backbone},
  note = {Dispon\'{i}vel em: \url{http://backbonejs.org/}; Acessado em 10 de jun. de 2014.}
}

@Misc{Underscore,
  key = {Underscore},
  note = {Dispon\'{i}vel em: \url{http://underscorejs.org/}; Acessado em 10 de jun. de 2014.}
}

@Misc{DbVisualizer,
  key = {DbVisualizer},
  note = {Dispon\'{i}vel em: \url{http://http://www.dbvis.com//}; Acessado em 05 de Nov. de 2014.}
}

@Book{ElmasriNavathe05,
  key = {Sistema de Banco de dados (Elmasri, Navathe)},
  author = {Ramez Elmasri, Shamkant B. Navathe},
  year = 2005,
  title = {Sistemas de Banco de Dados},
  publisher = {Pearson},
  isbn = {978-85-88639-17-1},
  address = {S\~{a}o Paulo}
}
